@phdthesis{Johnson1988,
author = {Johnson, John R.},
file = {:home/nick/gdrive/Mendeley Desktop/Johnson - 1988 - Chumash social organization An ethnohistorical perspective.pdf:pdf},
pages = {323},
school = {University of California Santa Barbara},
title = {{Chumash social organization: An ethnohistorical perspective}},
year = {1988}
}

@Manual{archdata2018,
    title = {archdata: Example Datasets from Archaeological Research},
    author = {David L. Carlson and Georg Roth},
    year = {2018},
    note = {R package version 1.2},
    url = {https://CRAN.R-project.org/package=archdata},
  }